@Book{czxa-2019,
  author = {程振兴},
  title = {计量经济学与Stata的应用讲义},
  publisher = {czxa.top},
  year = {2019},
  number = {141},
  series = {Econometrics},
  address = {暨南大学},
  edition = {0.0.0.9000},
  month = {6},
  note = {https://czxa.top/econometrics-handouts/econometrics-handouts.pdf}
}
