@Misc{cuse,
  howpublished = {\url{https://github.com/czxa/cuse}},
  note = {Accessed June 3, 2019},
  title = {CUSE：构建自己的 Stata 数据集仓库},
  author = {程振兴},
  month = {6},
  year = {2019},
  URL = {https://github.com/czxa/cuse}
}
@Misc{finance,
  howpublished = {\url{https://github.com/czxa/finance}},
  note = {Accessed June 3, 2019},
  title = {FINANCE：Stata 中的金融工具包},
  author = {程振兴},
  month = {6},
  year = {2019},
  URL = {https://github.com/czxa/finance}
}
@Manual{stata2docx,
  title = {stata2docx: 将Stata结果输出到docx文档中},
  author = {程振兴},
  year = {2019},
  month = {6},
  url = {https://github.com/czxa/stata2docx},
  howpublished = {https://github.com/czxa/stata2docx}
}
@Manual{stata,
  title = {Stata Statistical Software: Release 15},
  author = {StataCorp},
  organization = {StataCorp LLC},
  year = {2017},
  url = {https://www.stata.com},
  address = {College Station, TX},
}
@Manual{stata-colorscheme,
  title = {stata-colorscheme: Stata command to generate color schemes},
  author = {Matthieu Gomez},
  year = {2019},
  note = {Stata module version 0.0.0.9000},
  url = {https://github.com/matthieugomez/stata-colorscheme/}
}
@Manual{plotplain,
  title = {Figure Schemes for Decent Stata Figures: plotplain and plottig},
  author = {Bischof, D},
  year = {2015},
  note = {Stata module version 1.3.0},
  url = {http://danbischof.wordpress.com/publications/}
}
@Manual{github,
  title = {GITHUB : a module for building, searching, installing, and managing Stata packages from GitHub},
  author = {E. F. Haghish},
  year = {2019},
  note = {Stata module version 1.9.8},
  url = {https://github.com/haghish/github}
}
@Misc{sum2docx,
  author = {Chuntao LI and Yuan XUE},
  title = {sum2docx -- Report summary statistics to formatted table in DOCX file},
  howpublished = {Statistical Software Components},
  month = {6},
  year = {2019}
}
@Misc{reg2docx,
  author = {Chuntao LI and Yuan XUE},
  title = {reg2docx -- Report regression results to formatted table in DOCX file},
  howpublished = {Statistical Software Components},
  month = {6},
  year = {2019}
}
@Misc{corr2docx,
  author = {Chuntao LI, Yuan XUE, Zhengxuan ZHAO and Haitao SI},
  title = {corr2docx -- Report Pearson and Spearman coefficient of correlation to formatted table in DOCX file},
  howpublished = {Statistical Software Components},
  month = {6},
  year = {2019}
}
@Book{chenqiang-2015,
  author = {陈强},
  title = {计量经济学及Stata应用},
  publisher = {高等教育出版社},
  year = {2015},
  month = {7}
}
@Misc{choco,
  howpublished = {\url{https://www.jianshu.com/p/be19a2bebc48}},
  title = {在windows下使用choco作为包管理工具},
  author = {Butterandfly},
  month = {10},
  year = {2016},
  URL = {https://www.jianshu.com/p/be19a2bebc48}
}
